<?xml version="1.0" encoding="UTF-8"?><record xmlns="http://www.loc.gov/MARC21/slim" xmlns:cinclude="http://apache.org/cocoon/include/1.0" xmlns:zs="http://www.loc.gov/zing/srw/">
  <leader>00741nz  a2200169n  4500</leader>
  <controlfield tag="001">no2012008239</controlfield>
  <controlfield tag="003">DLC</controlfield>
  <controlfield tag="005">20120120075235.0</controlfield>
  <controlfield tag="008">120118n| acannaabn          |b aaa     c</controlfield>
  <datafield tag="010" ind1=" " ind2=" ">
    <subfield code="a">no2012008239</subfield>
  </datafield>
  <datafield tag="035" ind1=" " ind2=" ">
    <subfield code="a">(OCoLC)oca09089889</subfield>
  </datafield>
  <datafield tag="040" ind1=" " ind2=" ">
    <subfield code="a">NNYU-HJ</subfield>
    <subfield code="b">eng</subfield>
    <subfield code="c">NNYU-HJ</subfield>
  </datafield>
  <datafield tag="100" ind1="1" ind2=" ">
    <subfield code="a">Sciunnach, David Elia</subfield>
  </datafield>
  <datafield tag="400" ind1="1" ind2=" ">
    <subfield code="a">Shunaḳ, Daṿid Eliyahu b.R. Ḥayim Yigʼal ʻImanuʼel</subfield>
  </datafield>
  <datafield tag="400" ind1="1" ind2=" ">
    <subfield code="a">שונאק, דוד אליהו בן חיים יגאל עמנואל</subfield>
  </datafield>
  <datafield tag="667" ind1=" " ind2=" ">
    <subfield code="a">Non-Latin script reference not evaluated.</subfield>
  </datafield>
  <datafield tag="670" ind1=" " ind2=" ">
    <subfield code="a">Sidur tefilah, 2008-2009:</subfield>
    <subfield code="b">t.p. (R. Daṿid Eliyahu b.R. Ḥayim Yigʼal ʻImanuʼel Shunaḳ. y. Ts. ṿ. = ר' דוד אליהו ב"ר חיים יגאל עמנואל שונאק, יצ"ו ) introd. (David Elia Sciunnach)</subfield>
  </datafield>
</record>